@article{kotzer2012learning,
  title={Learning and teaching with Moodle-based E-learning environments, combining learning skills and content in the fields of Math and Science \& Technology},
  author={Kotzer, Shulamit and Elran, Yossi},
  year={2012}
}
@inproceedings{machado2007blackboard,
  title={Blackboard vs. Moodle: Comparing user experience of learning management systems},
  author={Machado, Michael and Tao, Eric},
  booktitle={2007 37th annual frontiers in education conference-global engineering: Knowledge without borders, opportunities without passports},
  pages={S4J--7},
  year={2007},
  organization={IEEE}
}
@article{barmanfacilitating,
  title={Facilitating ELT through Moodle and Google Classroom},
  author={Barman, Binoy and Karthikeyan, J}
}
@article{klaus2005you,
  title={Are You Ready to “Moodle”},
  author={Klaus, Brandl},
  journal={Language, Learning and Technology},
  volume={9},
  number={2},
  pages={16--23},
  year={2005}
}
@misc{Moodle:plugins,
	title = "Moodle plugins directory",
	howpublished = "\url{https://moodle.org/plugins/}",
}
@article{hsu2013extended,
  title={Extended TAM model: Impacts of convenience on acceptance and use of Moodle.},
  author={Hsu, Hsiao-hui and Chang, Yu-ying},
  journal={Online Submission},
  volume={3},
  number={4},
  pages={211--218},
  year={2013},
  publisher={ERIC}
}

@article{costa2012use,
  title={The use of Moodle e-learning platform: a study in a Portuguese University},
  author={Costa, Carolina and Alvelos, Helena and Teixeira, Leonor},
  journal={Procedia Technology},
  volume={5},
  pages={334--343},
  year={2012},
  publisher={Elsevier}
}
